%% This BibTeX bibliography file was created using BibDesk.
%% http://bibdesk.sourceforge.net/

%% Created for Nick Cariss at 2016-05-11 12:09:45 +0200 


%% Saved with string encoding Unicode (UTF-8) 



@url{fassnacht,
	Annote = {datum 1997},
	Author = {Konrad Fa{\ss}nacht (Siemens Business Services)},
	Date-Added = {2016-05-11 09:06:42 +0000},
	Date-Modified = {2016-05-11 10:09:45 +0000},
	Title = {Der deutsche Telekommunikationsmarkt},
	Url = {https://www.rz.uni-augsburg.de/info/connect/1997-02/telemarkt/},
	Urldate = {2016-04-01}}

@url{carrier,
	Annote = {real url date 2013},
	Author = {ITWissen},
	Date-Added = {2016-05-11 08:27:12 +0000},
	Date-Modified = {2016-05-11 08:49:01 +0000},
	Lastchecked = {2016-05-02},
	Title = {NB (Netzbetreiber) - Carrier},
	Url = {http://www.itwissen.info/definition/lexikon/Netzbetreiber-carrier-NB.html},
	Urldate = {2016-05-02}}

@url{itu,
	Author = {ITU},
	Date-Added = {2016-05-11 07:58:10 +0000},
	Date-Modified = {2016-05-11 10:06:51 +0000},
	Urldate = {2016-05-03}}

@url{gartner,
	Author = {Christy Pettey (Gartner Inc.)},
	Date-Added = {2016-05-11 07:55:16 +0000},
	Date-Modified = {2016-05-11 10:05:44 +0000},
	Title = {Gartner Estimates ICT Industry Accounts for 2 Percent of Global CO2 Emissions},
	Url = {http://www.gartner.com/newsroom/id/503867},
	Urldate = {2016-05-03}}

@url{gap,
	Author = {Global Action Plan},
	Date-Added = {2016-05-11 07:53:14 +0000},
	Date-Modified = {2016-05-11 10:05:14 +0000},
	Title = {An Inefficient Truth},
	Url = {https://docs.google.com/viewer?a=v&pid=sites&srcid=Z3JlZW5pY3Qub3JnLnVrfGdpY3QtbG9ufGd4OjEwZGYxNGI4NTMzYzE3MGU},
	Urldate = {2016-05-03}}

@url{statista,
	Annote = {http://de.statista.com/statistik/daten/studie/167998/umfrage/weltweiter-energiemix-nach-energietraeger/},
	Author = {Statista},
	Date-Added = {2016-05-11 07:50:02 +0000},
	Date-Modified = {2016-05-11 10:06:13 +0000},
	Lastchecked = {11.05.2016},
	Title = {Verteilung der weltweiten Energieerzeugung nach Energietr{\"a}ger im Jahr 2013},
	Url = {http://de.statista.com/statistik/daten/studie/167998/umfrage/weltweiter-energiemix-nach-energietraeger/},
	Urldate = {2016-05-03}}

@misc{iea2015,
	Annote = {Ist das ein â€žarticle``?

http://www.iea.org/publications/freepublications/publication/KeyWorld_Statistics_2015.pdf},
	Author = {International Energy Agency},
	Date-Added = {2016-05-10 11:57:54 +0000},
	Date-Modified = {2016-05-11 07:49:49 +0000},
	Title = {Key world energy statistics},
	Year = {2015}}
